
@book{DSL,
  author =	 "Fowler, Martin",
  title =	 "Domain-Specific Languages",
  series =	 "The Addison-Wesley Signature Series: A Martin Fowler Signature Book",
  publisher =	 "Addison-Wesley",
  address =	 "Boston, MA",
  year =	 2011
}


@book{DDD,
  author =	 "Evans, Eric",
  title =	 "Domain-Driven Design: Tackling Complexity in the Heart of Software",
  publisher =	 "Addison-Wesley",
  address =	 "Boston, MA",
  year =	 2003
}

@book{IMPLEMENTINGDDD,
  author =	 "Vernon, Vaughn",
  title =	 "Implementing Domain-Driven Design",
  publisher =	 "Addison-Wesley",
  address =	 "Boston, MA",
  year =	 2013
}


@book{CONTINUOUSDELIVERY,
  author =	 "Jez Humble and David Farley",
  title =	 "Continuous delivery : reliable software releases through build, test, and deployment automation",
  series =	 "The Addison-Wesley Signature Series: A Martin Fowler Signature Book",
  publisher = "Addison-Wesley",
  address =	 "Boston, MA",
  year =	 2011
}

@Misc{ETSYDEPLOYDAYONE,
	author = "John Goulah",
	title = "Making it Virtually Easy to Deploy on Day One",
  howpublished = {Blog Post, http://codeascraft.etsy.com/2012/03/13/making-it-virtually-easy-to-deploy-on-day-one/, accessed
                  November 2012},
  year = 	 {n.d.}
}

@Misc{JUJU,
  author = 	 {Canonical},
  title = 	 {juju},
  howpublished = {Project Web Site, https://juju.ubuntu.com/, accessed
                  November 2012},
  year = 	 {February 23, 2012}
}

@Misc{ANSIBLE,
  author = 	 {Michael DeHaan},
  title = 	 {Ansible},
  howpublished = {Project Web Site, http://ansible.cc/, accessed
                  November 2012},
  year = 	 {n.d.},
  note = {Inception date cited based on https://github.com/mpdehaan/ansible/commits/devel?page=89}
}

@Misc{ANSIBLEYAML,
  author = 	 {Michael DeHaan},
  title = 	 {Building a better puppetrun and related ideas},
  howpublished = {Mailing List Post, "https://groups.google.com/forum/?fromgroups=\#!topic/puppet-users/apmj9mJFc8E", accessed
                  November 2012},
  year = 	 {February 10, 2010}
}


@article{INFOQNOOPS,
  author = 	 {Avram, Abel},
  title = 	 {NoOps: Its Meaning and the Debate around It},
  journal = "InfoQ",
  note = {http://www.infoq.com/news/2012/03/NoOps, accessed
                  November 2012},
  year = 	{March 19, 2012}
}



@Misc{NETFLIXNOOPS,
  author = 	 {Adrian Cockroft},
  title = 	 {{Ops, DevOps and PaaS (NoOps) at Netflix}},
  howpublished = {Blog Post, http://perfcap.blogspot.com/2012/03/ops-devops-and-noops-at-netflix.html, accessed
                  November 2012},
  year = 	 {March 19, 2012}
}


@Misc{LUKEKANIESINTERVIEW,
  author = 	 {Akita, Fabio},
  title = 	 {{Chatting with Luke Kanies}},
  howpublished = {AkitaOnRails, http://www.akitaonrails.com/2009/11/18/chatting-with-luke-kaines, accessed
                  November 2012},
  year = 	 {November 18, 2009}
}



@Misc{JUMPSTART,
  author =	 {George William Herbert, Adrian J. Hunter, et al.},
  title =	 {Jumpstart (Solaris)},
  howpublished = {Wikipedia, http://www.wikipedia.com/wiki/Jumpstart\_(Solaris), accessed
                  September 2012},
  year =	 {n.d.}
}

@Misc{BOURNESHELL,
  author =	 {unnamed, unnamed},
  title =	 {{Bourne shell}},
  howpublished = {Wikipedia, http://www.wikipedia.com/wiki/Bourne\_shell, accessed
                  September 2012},
  year =	 {n.d.}
}

@techreport{CFENGINE,
  author =	 "Burgess, Mark",
  title =	 "Cfengine V2.0 : A network configuration tool",
  institution =	 "University of Olso",
  address =	 "Oslo, Norway",
  year =	 1993
}
